% Use this file for citations not found in the ACL Anthology (contained in "anthology.bib").

@book{Aho:72,
    author  = {Alfred V. Aho and Jeffrey D. Ullman},
    title   = {The Theory of Parsing, Translation and Compiling},
    year    = "1972",
    volume  = "1",
    publisher = {Prentice-Hall},
    address = {Englewood Cliffs, NJ}
}

@book{APA:83,
    author  = {{American Psychological Association}},
    title   = {Publications Manual},
    year    = "1983",
    publisher = {American Psychological Association},
    address = {Washington, DC}
}

@article{Chandra:81,
	author = {Ashok K. Chandra and Dexter C. Kozen and Larry J. Stockmeyer},
	year = "1981",
	title = {Alternation},
	journal = {Journal of the Association for Computing Machinery},
	volume = "28",
	number = "1",
	pages = "114--133",
	doi = "10.1145/322234.322243",
}

@inproceedings{andrew2007scalable,
  title={Scalable training of {$L_1$}-regularized log-linear models},
  author={Andrew, Galen and Gao, Jianfeng},
  booktitle={Proceedings of the 24th International Conference on Machine Learning},
  pages={33--40},
  year={2007},
  url={https://dl.acm.org/doi/abs/10.1145/1273496.1273501}
}

@book{Gusfield:97,
    author  = {Dan Gusfield},
    title   = {Algorithms on Strings, Trees and Sequences},
    year    = "1997",
    publisher = {Cambridge University Press},
    address = {Cambridge, UK},
    url={https://www.cambridge.org/core/books/algorithms-on-strings-trees-and-sequences/F0B095049C7E6EF5356F0A26686C20D3}
}

@article{rasooli-tetrault-2015,
    author    = {Mohammad Sadegh Rasooli and Joel R. Tetreault},
    title     = {Yara Parser: {A} Fast and Accurate Dependency Parser},
    journal   = {Computing Research Repository},
    volume    = {arXiv:1503.06733},
    year      = {2015},
    url       = {http://arxiv.org/abs/1503.06733},
    note    = {version 2}
}

@article{Ando2005,
	Acmid = {1194905},
	Author = {Ando, Rie Kubota and Zhang, Tong},
	Issn = {1532-4435},
	Issue_Date = {12/1/2005},
	Journal = {Journal of Machine Learning Research},
	Month = dec,
	Numpages = {37},
	Pages = {1817--1853},
	Publisher = {JMLR.org},
	Title = {A Framework for Learning Predictive Structures from Multiple Tasks and Unlabeled Data},
	Volume = {6},
	Year = {2005},
	url={https://www.jmlr.org/papers/volume6/ando05a/ando05a.pdf}
}

@article{ct1965,
  title={An algorithm for the machine calculation of complex {F}ourier series},
  author={Cooley, James W. and Tukey, John W.},
  journal={Mathematics of Computation},
  volume={19},
  number={90},
  pages={297--301},
  year={1965},
  url={https://www.ams.org/journals/mcom/1965-19-090/S0025-5718-1965-0178586-1/S0025-5718-1965-0178586-1.pdf}
}

@inproceedings{chan2023chateval,
  title={ChatEval: Towards Better LLM-based Evaluators through Multi-Agent Debate},
  author={Chan, Hao and Liang, Yao and Wei, Jason and Zhou, Denny and Gao, Jianfeng and Liu, Zhilin},
  booktitle={Proceedings of the EMNLP},
  year={2023}
}

@article{park2023generative,
  title={Generative agents: Interactive simulacra of human behavior},
  author={Park, Joon Sung and O'Brien, Joseph and Cai, Carrie Jun and Morris, Meredith Ringel and Liang, Percy and Bernstein, Michael S},
  journal={Proceedings of the 36th Annual ACM Symposium on User Interface Software and Technology},
  year={2023}
}

@article{mittelstadt2019principles,
  title={Principles alone cannot guarantee ethical AI},
  author={Mittelstadt, Brent},
  journal={Nature Machine Intelligence},
  volume={1},
  number={11},
  pages={501--507},
  year={2019},
  publisher={Nature Publishing Group UK London}
}

@article{biller2021ethical,
  title={Ethical considerations for artificial intelligence in medicine: from the clinician's lens},
  author={Biller-Andorno, Nikola and Ferrario, Andrea and Joebges, Susanne and Krones, Tanja and Massini, Federico and Barazzetti, Gaia and Blum, Lester and Dubois-Ferre, Vera and Kressmann, Melody},
  journal={The Lancet Digital Health},
  volume={3},
  number={9},
  pages={e578--e580},
  year={2021},
  publisher={Elsevier}
}

@article{bang2023multiturn,
  title={A multiturn, multiagent debate framework to enhance reasoning in large language models},
  author={Bang, Yejin and Kim, Samuel S and Shin, Jamin and Ahn, Sungdong and Hwang, Sung Ju and Jang, Taeuk and Seo, Minjoon},
  journal={arXiv preprint arXiv:2305.14325},
  year={2023}
}

@inproceedings{jiang2021can,
  title={Can machines learn morality? The delphi experiment},
  author={Jiang, Liwei and Hwang, Jena D and Bhagavatula, Chandra and Bras, Ronan Le and Forbes, Maxwell and Borchardt, Jon and Liang, Jenny and Etzioni, Oren and Sap, Maarten and Choi, Yejin},
  booktitle={Proceedings of the AAAI Conference on Artificial Intelligence},
  year={2021}
}

@article{schwitzgebel2023computers,
  title={Do computers have moral status? We're asking the wrong question},
  author={Schwitzgebel, Eric and Garza, Mara},
  journal={Journal of Moral Philosophy},
  volume={20},
  number={3},
  pages={295--319},
  year={2023},
  publisher={BRILL}
}

@article{beauchamp2001principles,
  title={Principles of biomedical ethics},
  author={Beauchamp, Tom L and Childress, James F},
  journal={Oxford University Press, USA},
  year={2001}
}

@inproceedings{perez2022discovering,
  title={Discovering language model behaviors with model-written evaluations},
  author={Perez, Ethan and Rae, Jack and Preskill, Simon and Kaplan, Jared and Ndousse, Kamilay and Simeon, Amanda},
  booktitle={Proceedings of the NeurIPS},
  year={2022}
}

@article{arora2023rephrasing,
  title={Rephrasing the web: A recipe for compute and data-efficient language modeling},
  author={Arora, Simran and Allaway, Emily and Chang, Piyush and Chan, Neel and Lipton, Zachary and Wang, Yuchen and Rubin, Noga and Dafoe, Allan and Rumshisky, Anna and Barak, Boaz and others},
  journal={arXiv preprint arXiv:2304.12785},
  year={2023}
}

@inproceedings{zheng2023judging,
  title={Judging LLM-as-a-judge with MT-Bench and Chatbot Arena},
  author={Zheng, Lianmin and Lin, Wei-Lin and Chiang, Wen-Ding and Sheng, Ying and Fan, Hao and Chen, Zhongming and Liu, Jieyu and Peng, Meng-Che and Chen, Qintong and Ma, Charlie and others},
  booktitle={Proceedings of the 2023 Conference on Empirical Methods in Natural Language Processing},
  pages={11099--11122},
  year={2023}
}

@article{guan2023medical,
  title={Medical image foundation models through the lens of clinical outcome prediction and human visual perception},
  author={Guan, Biqin and Yuan, Yuxin and He, Tong and Wang, Zhi and You, Kaiyuan and Zeng, Ding and Fu, Yan and Gu, James and Saab, Khaled K and Xing, Lei and others},
  journal={arXiv preprint arXiv:2308.02463},
  year={2023}
}

@inproceedings{saunders2022self,
  title={Self-critiquing models for assisting human evaluators},
  author={Saunders, William and Yeh, Catherine and Wu, Jeff and Bills, Steven and Ouyang, Long and Ward, Jonathan and Leike, Jan},
  booktitle={Advances in Neural Information Processing Systems},
  volume={35},
  pages={32964--32979},
  year={2022}
}

@misc{scu_ethics,
  title={Cases in Medical Ethics: Student-Led Discussions},
  author={{Markkula Center for Applied Ethics}},
  howpublished={\url{https://www.scu.edu/ethics/focus-areas/bioethics/resources/cases-in-medical-ethics-student-led-discussions/}},
  year={2023},
  note={Accessed: 2023-12-10}
}
